<record><leader>00000cas a22000007a 4500</leader><controlfield tag="001">20614691</controlfield><controlfield tag="008">891108d1884188unduwr ne      0    0eng d</controlfield><datafield ind1=" " ind2=" " tag="010"><subfield code="a">sn 89074346 </subfield></datafield><datafield ind1=" " ind2=" " tag="040"><subfield code="a">NOP</subfield><subfield code="b">eng</subfield><subfield code="c">NOP</subfield><subfield code="d">OCLCQ</subfield></datafield><datafield ind1=" " ind2=" " tag="042"><subfield code="a">msc</subfield></datafield><datafield ind1="0" ind2="4" tag="245"><subfield code="a">The Bismarck journal.</subfield></datafield><datafield ind1="1" ind2="7" tag="246"><subfield code="a">Bismarck weekly journal</subfield><subfield code="f">1884</subfield></datafield><datafield ind1=" " ind2=" " tag="260"><subfield code="a">Bismarck, Dakota [N.D.] :</subfield><subfield code="b">C.A. Lounsberry</subfield></datafield><datafield ind1=" " ind2=" " tag="300"><subfield code="a">v. :</subfield><subfield code="b">ill. ;</subfield><subfield code="c">54 cm.</subfield></datafield><datafield ind1=" " ind2=" " tag="310"><subfield code="a">Weekly</subfield></datafield><datafield ind1="0" ind2=" " tag="362"><subfield code="a">Vol. 1, no. 1 (May 24, 1884)-</subfield></datafield><datafield ind1=" " ind2=" " tag="530"><subfield code="a">Available on microfilm from the State Historical Society of North Dakota.</subfield></datafield><datafield ind1=" " ind2=" " tag="580"><subfield code="a">Daily eds.: Bismarck evening journal, &lt;188u-188u&gt;, and: Saturday evening journal, 1884-&lt;188u&gt;.</subfield></datafield><datafield ind1=" " ind2=" " tag="752"><subfield code="a">United States</subfield><subfield code="b">North Dakota</subfield><subfield code="c">Burleigh</subfield><subfield code="d">Bismarck.</subfield></datafield><datafield ind1="1" ind2=" " tag="775"><subfield code="t">Bismarck evening journal</subfield><subfield code="w">(DLC)sn 89074348</subfield></datafield><datafield ind1="1" ind2=" " tag="775"><subfield code="t">Saturday evening journal</subfield><subfield code="w">(DLC)sn 89074347</subfield></datafield></record>